% use \citet for auth[] & \citep for only []

@article{RN6,
  author  = {Fang, Xi and Misra, Satyajayant and Xue, Guoliang and Yang, Dejun},
  title   = {Smart Grid â€” The New and Improved Power Grid: A Survey},
  journal = {IEEE Communications Surveys & Tutorials},
  volume  = {14},
  number  = {4},
  pages   = {944-980},
  issn    = {1553-877X},
  doi     = {10.1109/surv.2011.101911.00087},
  url     = {https://dx.doi.org/10.1109/surv.2011.101911.00087},
  year    = {2012},
  type    = {Journal Article}
}

@article{Honsinger71a,
  author  = {{V.~B.~Honsinger}},
  title   = {The Inductances ${L}_{d}$ and ${L}_{q}$ of Reluctance Machines},
  journal = {IEEE Transactions on Power Applications and Systems},
  year    = {1971},
  volume  = {PAS-90},
  number  = {1},
  pages   = {298--304},
  month   = {January/February}
}

@conference{Jovanovic95a,
  author    = {M.~Jovanovic and R.~E.~Betz and D.~Platt},
  title     = {Position and Speed Estimation of Sensorless Synchronous
               Reluctance Motor},
  booktitle = {Proceedings of the IEEE International Conference on Power 
               Electronics and Drive Systems},
  year      = {1995},
  pages     = {844--849}
}

@misc{EPRI01,
  author = {{Energy~and~Environmental~Economics~Inc,} and {EPRI~Solutions~Inc}},
  title  = {Value of Distribution Automation Applications},
  url    = {http//www.energy.ca.gov/2007publications/CEC-500-2007-028/FCEC-500-2007-028.PDF},
  year   = {2007},
  month  = apr,
  note   = {Last viewed 6th September, 2008}
}